@article{Bodner2013,
issn = {1664-462X},
journal = {Frontiers in plant science},
pages = {292--292},
volume = {4},
year = {2013},
title = {A statistical approach to root system classification.},
language = {eng},
author = {Bodner, Gernot and Leitner, Daniel and Nakhforoosh, Alireza and Sobotik, Monika and Moder, Karl and Kaul, Hans-Peter},
keywords = {Classification ; Cluster Analysis ; Plant Functional Types ; Root Architecture Model ; Root System Diversity ; Taxonomy},
url = {http://search.proquest.com/docview/1418148631/},
}

@article{fitter1987,
  title={An architectural approach to the comparative ecology of plant root systems},
  author={Fitter, AH},
  journal={New phytologist},
  volume={106},
  pages={61--77},
  year={1987},
  publisher={Wiley Online Library}
}

@article{zobel2010plant,
  title={A plant root system architectural taxonomy: a framework for root nomenclature},
  author={Zobel, RW and Waisel, Y},
  journal={Plant Biosystems},
  volume={144},
  number={2},
  pages={507--512},
  year={2010},
  publisher={Taylor \& Francis}
}

@book{kutschera2009wurzelatlas,
  title={Wurzelatlas der Kulturpflanzen gem{\"a}{\ss}igter Gebiete mit Arten des Feldgem{\"u}sebaues},
  author={Kutschera, Lore and Lichtenegger, Erwin and Sobotik, Monika},
  year={2009},
  publisher={DLG-Verlag}
}

@article{gitay1997functional,
  title={What are functional types and how should we seek them},
  author={Gitay, HT and Noble, IR},
  journal={Plant functional types: their relevance to ecosystem properties and global change},
  volume={1},
  pages={3--19},
  year={1997}
}

@article{leitner2014recovering,
  title={Recovering root system traits using image analysis exemplified by two-dimensional neutron radiography images of lupine},
  author={Leitner, Daniel and Felderer, Bernd and Vontobel, Peter and Schnepf, Andrea},
  journal={Plant Physiology},
  volume={164},
  number={1},
  pages={24--35},
  year={2014},
  publisher={Am Soc Plant Biol}
}

@article{lobet2015root,
  title={Root system markup language: toward a unified root architecture description language},
  author={Lobet, Guillaume and Pound, Michael P and Diener, Julien and Pradal, Christophe and Draye, Xavier and Godin, Christophe and Javaux, Mathieu and Leitner, Daniel and Meunier, F{\'e}licien and Nacry, Philippe and others},
  journal={Plant Physiology},
  volume={167},
  number={3},
  pages={617--627},
  year={2015},
  publisher={Am Soc Plant Biol}
}

@article{kac1966can,
  title={Can one hear the shape of a drum?},
  author={Kac, Mark},
  journal={The american mathematical monthly},
  volume={73},
  number={4P2},
  pages={1--23},
  year={1966},
  publisher={Taylor \& Francis}
}

@article{khabou2007shape,
  title={Shape recognition using eigenvalues of the Dirichlet Laplacian},
  author={Khabou, Mohamed A and Hermi, Lotfi and Rhouma, Mohamed Ben Hadj},
  journal={Pattern recognition},
  volume={40},
  number={1},
  pages={141--153},
  year={2007},
  publisher={Elsevier}
}

@article{lynch2007roots,
  title={Roots of the second green revolution},
  author={Lynch, Jonathan P},
  journal={Australian Journal of Botany},
  volume={55},
  number={5},
  pages={493--512},
  year={2007},
  publisher={CSIRO}
}

@misc{smith2012root,
  title={Root system architecture: insights from Arabidopsis and cereal crops},
  author={Smith, Stephanie and De Smet, Ive},
  year={2012},
  publisher={The Royal Society}
}

@book{redner2001guide,
  title={A guide to first-passage processes},
  author={Redner, Sidney},
  year={2001},
  publisher={Cambridge University Press}
}

@book{frenkel2001understanding,
  title={Understanding molecular simulation: from algorithms to applications},
  author={Frenkel, Daan and Smit, Berend},
  volume={1},
  year={2001},
  publisher={Elsevier}
}

@article{gibbs1898fourier,
  title={Fourier's series},
  author={Gibbs, J Willard},
  journal={Nature},
  volume={59},
  number={1522},
  pages={200},
  year={1898},
  publisher={Nature Publishing Group}
}

@article{gibbs1899fourier,
  title={Fourier's series},
  author={Gibbs, J Willard},
  journal={Nature},
  volume={59},
  number={1539},
  pages={606},
  year={1899},
  publisher={Nature Publishing Group}
}

@book{RiskenH.Hannes1934-1984TFe:,
series = {Springer series in synergetics ; v. 18},
publisher = {Springer-Verlag},
isbn = {0387130985},
year = {1984},
title = {The Fokker-Planck equation : methods of solution and applications},
language = {eng},
address = {Berlin ; New York},
author = {Risken, H. (Hannes), 1934-},
keywords = {Fokker-Planck equation},
}

@article{lynch1995root,
  title={Root architecture and plant productivity.},
  author={Lynch, Jonathan},
  journal={Plant physiology},
  volume={109},
  number={1},
  pages={7},
  year={1995},
  publisher={American Society of Plant Biologists}
}

@article{delory2018archidart,
  title={archiDART v3. 0: A new data analysis pipeline allowing the topological analysis of plant root systems},
  author={Delory, Benjamin M and Li, Mao and Topp, Christopher N and Lobet, Guillaume},
  journal={F1000Research},
  volume={7},
  year={2018},
  publisher={Faculty of 1000 Ltd}
}

@book{barenblatt2003scaling,
  title={Scaling},
  author={Barenblatt, Grigory Isaakovich},
  volume={34},
  year={2003},
  publisher={Cambridge University Press}
}

@book{langhaar1951dimensional,
  title={Dimensional analysis and theory of models},
  author={Langhaar, Henry Louis},
  volume={2},
  year={1951},
  publisher={Wiley New York}
}

@article{grieser2013hearing,
  title={Hearing the shape of a triangle},
  author={Grieser, Daniel and Maronna, Svenja},
  journal={Notices of the AMS},
  volume={60},
  number={11},
  pages={1440--1447},
  year={2013}
}

@article{clark2011three,
  title={Three-dimensional root phenotyping with a novel imaging and software platform},
  author={Clark, Randy T and MacCurdy, Robert B and Jung, Janelle K and Shaff, Jon E and McCouch, Susan R and Aneshansley, Daniel J and Kochian, Leon V},
  journal={Plant physiology},
  volume={156},
  number={2},
  pages={455--465},
  year={2011},
  publisher={Am Soc Plant Biol}
}

@article{desjardins1994heat,
  title={Heat content asymptotics for operators of Laplace type with Neumann boundary conditions},
  author={Desjardins, S and Gilkey, P},
  journal={Mathematische Zeitschrift},
  volume={215},
  number={1},
  pages={251--268},
  year={1994},
  publisher={Springer}
}

@article{oppelt2001topology,
  title={Topology, scaling relations and Leonardo's rule in root systems from African tree species},
  author={Oppelt, Armin L and Kurth, Winfried and Godbold, Douglas L},
  journal={Tree Physiology},
  volume={21},
  number={2-3},
  pages={117--128},
  year={2001},
  publisher={Heron Publishing}
}


@article{tatsumi1989fractal,
  title={Fractal analysis of plant root systems},
  author={TATSUMI, JIRO and YAMAUCHI, AKIRA and KONO, YASUHIRO},
  journal={Annals of Botany},
  volume={64},
  number={5},
  pages={499--503},
  year={1989},
  publisher={Oxford University Press}
}

@article{fitter1992fractal,
  title={Fractal characterization of root system architecture},
  author={Fitter, AH and Stickland, TR},
  journal={Functional Ecology},
  pages={632--635},
  year={1992},
  publisher={JSTOR}
}

@article{balduzzi2017reshaping,
  title={Reshaping plant biology: qualitative and quantitative descriptors for plant morphology},
  author={Balduzzi, Mathilde and Binder, Brad M and Bucksch, Alexander and Chang, Cynthia and Hong, Lilan and Iyer-Pascuzzi, Anjali S and Pradal, Christophe and Sparks, Erin E},
  journal={Frontiers in plant science},
  volume={8},
  pages={117},
  year={2017},
  publisher={Frontiers}
}


@article{bag2001simplifying,
  title={Simplifying regression models using dimensional analysis, no. 1981},
  author={Bag, P and Zealand, N},
  year={2001}
}


@article{fitter1986topology,
  title={The topology and geometry of plant root systems: influence of watering rate on root system topology in Trifolium pratense},
  author={Fitter, AH},
  journal={Annals of Botany},
  volume={58},
  number={1},
  pages={91--101},
  year={1986},
  publisher={Oxford University Press}
}
  
  


@article{li2017persistent,
  title={Persistent homology and the branching topologies of plants},
  author={Li, Mao and Duncan, Keith and Topp, Christopher N and Chitwood, Daniel H},
  journal={American journal of botany},
  volume={104},
  number={3},
  pages={349--353},
  year={2017},
  publisher={Wiley Online Library}
}



@article{toroczkai2001topological,
  title={Topological classification of binary trees using the Horton-Strahler index},
  author={Toroczkai, Zolt{\'a}n},
  journal={Physical Review E},
  volume={65},
  number={1},
  pages={016130},
  year={2001},
  publisher={APS}
}

@article{delory2018archidart,
  title={archiDART v3. 0: A new data analysis pipeline allowing the topological analysis of plant root systems},
  author={Delory, Benjamin M and Li, Mao and Topp, Christopher N and Lobet, Guillaume},
  journal={F1000Research},
  volume={7},
  year={2018},
  publisher={Faculty of 1000 Ltd}
}

@misc{wiki:shape,
    Author = "{Wikipedia contributors}",
    title = "Shape --- {Wikipedia}{,} The Free Encyclopedia",
    year = "2019",
    howpublished = "\url{https://en.wikipedia.org/w/index.php?title=Shape&oldid=917755528}",
    note = "[Online; accessed 4-October-2019]"
    }
    


@article{gottlieb1985eigenvalues,
  title={Eigenvalues of the Laplacian with Neumann boundary conditions},
  author={Gottlieb, HPW},
  journal={The ANZIAM Journal},
  volume={26},
  number={3},
  pages={293--309},
  year={1985},
  publisher={Cambridge University Press}
}


@article{gottlieb1983hearing,
  title={Hearing the shape of an annular drum},
  author={Gottlieb, HPW},
  journal={The ANZIAM Journal},
  volume={24},
  number={4},
  pages={435--438},
  year={1983},
  publisher={Cambridge University Press}
}


@article{pleijel1954study,
  title={A study of certain Green's functions with applications in the theory of vibrating membranes},
  author={Pleijel, {\AA}ke},
  journal={Arkiv f{\"o}r Matematik},
  volume={2},
  number={6},
  pages={553--569},
  year={1954},
  publisher={Springer}
}

@article{sleeman1982inverse,
  title={The inverse problem of acoustic scattering},
  author={Sleeman, BD},
  journal={IMA Journal of Applied Mathematics},
  volume={29},
  number={2},
  pages={113--142},
  year={1982},
  publisher={Oxford University Press}
}

@inproceedings{stewartson1971hearing,
  title={On hearing the shape of a drum: further results},
  author={Stewartson, K and Waechter, RT},
  booktitle={Mathematical Proceedings of the Cambridge Philosophical Society},
  volume={69},
  number={2},
  pages={353--363},
  year={1971},
  organization={Cambridge University Press}
}


@article{zayed1989heat,
  title={Heat equation for an arbitrary doubly-connected region inR 2 with mixed boundary conditions},
  author={Zayed, EME},
  journal={Zeitschrift f{\"u}r angewandte Mathematik und Physik ZAMP},
  volume={40},
  number={3},
  pages={339--355},
  year={1989},
  publisher={Springer}
}

@article{sleeman1984trace,
  title={Trace formulae for the eigenvalues of the Laplacian},
  author={Sleeman, BD and Zayed, EME},
  journal={Zeitschrift f{\"u}r angewandte Mathematik und Physik ZAMP},
  volume={35},
  number={1},
  pages={106--115},
  year={1984},
  publisher={Springer}
}

@article{gorenflo2002discrete,
  title={Discrete random walk models for space--time fractional diffusion},
  author={Gorenflo, Rudolf and Mainardi, Francesco and Moretti, Daniele and Pagnini, Gianni and Paradisi, Paolo},
  journal={Chemical physics},
  volume={284},
  number={1-2},
  pages={521--541},
  year={2002},
  publisher={Elsevier}
}


@article{kakutani1945markoff,
  title={Markoff process and the Dirichlet problem},
  author={Kakutani, Shizuo},
  journal={Proceedings of the Japan Academy},
  volume={21},
  number={3-10},
  pages={227--233},
  year={1945},
  publisher={The Japan Academy}
}

@article{doyle2000random,
  title={Random walks and electric networks},
  author={Doyle, Peter G and Snell, J Laurie},
  journal={arXiv preprint math/0001057},
  year={2000}
}

@article{weinstein1954r,
  title={R. Courant and D. Hilbert, Methods of mathematical physics},
  author={Weinstein, A and others},
  journal={Bulletin of the American Mathematical Society},
  volume={60},
  number={6},
  pages={578--579},
  year={1954},
  publisher={American Mathematical Society}
}



@article{DesjardinsS1994HAFO,
issn = {0025-5874},
journal = {Mathematische Zeitschrift},
pages = {251--268},
volume = {215},
publisher = {SPRINGER VERLAG},
number = {2},
year = {1994},
title = {HEAT-CONTENT ASYMPTOTICS FOR OPERATORS OF LAPLACE TYPE WITH NEUMANN BOUNDARY-CONDITIONS},
language = {English},
author = {Desjardins, S and Gilkey, P},
}



@inproceedings{gilkey1994heat,
  title={Heat content asymptotics for operators of Laplace type with Neumann boundary conditions},
  author={Gilkey, P and Kirsten, K and Park, Jh},
  booktitle={Math. Z},
  year={1994},
  organization={Citeseer}
}


@article{ho2005root,
  title={Root architectural tradeoffs for water and phosphorus acquisition},
  author={Ho, Melissa D and Rosas, Juan Carlos and Brown, Kathleen M and Lynch, Jonathan P},
  journal={Functional plant biology},
  volume={32},
  number={8},
  pages={737--748},
  year={2005},
  publisher={CSIRO}
}

@article{kano2011root,
  title={Root plasticity as the key root trait for adaptation to various intensities of drought stress in rice},
  author={Kano, Mana and Inukai, Yoshiaki and Kitano, Hidemi and Yamauchi, Akira},
  journal={Plant and Soil},
  volume={342},
  number={1-2},
  pages={117--128},
  year={2011},
  publisher={Springer}
}

@article{grossman2012evolution,
  title={Evolution of root plasticity responses to variation in soil nutrient distribution and concentration},
  author={Grossman, Judah D and Rice, Kevin J},
  journal={Evolutionary Applications},
  volume={5},
  number={8},
  pages={850--857},
  year={2012},
  publisher={Wiley Online Library}
}

@article{yu2014phenotypic,
  title={Phenotypic plasticity of the maize root system in response to heterogeneous nitrogen availability},
  author={Yu, Peng and White, Philip J and Hochholdinger, Frank and Li, Chunjian},
  journal={Planta},
  volume={240},
  number={4},
  pages={667--678},
  year={2014},
  publisher={Springer}
}

@book{aalen2008survival,
  title={Survival and event history analysis: a process point of view},
  author={Aalen, Odd and Borgan, Ornulf and Gjessing, Hakon},
  year={2008},
  publisher={Springer Science \& Business Media}
}


@article{etikan2018choosing,
  title={Choosing statistical tests for survival analysis},
  author={Etikan, I and Bukirova, K and Yuvali, M},
  journal={Biom. Biostat. Int. J},
  volume={7},
  pages={477--481},
  year={2018}
}

@article{stigler1973studies,
  title={Studies in the History of Probability and Statistics. XXXII: Laplace, Fisher, and the discovery of the concept of sufficiency},
  author={Stigler, Stephen M},
  journal={Biometrika},
  volume={60},
  number={3},
  pages={439--445},
  year={1973},
  publisher={Oxford University Press}
}

@article{rider1960variance,
  title={Variance of the median of small samples from several special populations},
  author={Rider, Paul R},
  journal={Journal of the American Statistical Association},
  volume={55},
  number={289},
  pages={148--150},
  year={1960},
  publisher={Taylor \& Francis}
}

@misc{ wiki:sv,
    author = "{Wikipedia contributors}",
    title = "Survival analysis --- {Wikipedia}{,} The Free Encyclopedia",
    year = "2020",
    url = "https://en.wikipedia.org/w/index.php?title=Survival_analysis&oldid=938001497",
    note = "[Online; accessed 27-February-2020]"
  }


@misc{ wiki:Chebyshev,
    author = "{Wikipedia contributors}",
    title = "Chebyshev's inequality --- {Wikipedia}{,} The Free Encyclopedia",
    year = "2020",
    url = "https://en.wikipedia.org/w/index.php?title=Chebyshev%27s_inequality&oldid=942201330",
    note = "[Online; accessed 1-March-2020]"
  }

@misc{ wiki:Vysochanskij,
    author = "{Wikipedia contributors}",
    title = "Vysochanskij–Petunin inequality --- {Wikipedia}{,} The Free Encyclopedia",
    year = "2019",
    url = "https://en.wikipedia.org/w/index.php?title=Vysochanskij%E2%80%93Petunin_inequality&oldid=910641728",
    note = "[Online; accessed 1-March-2020]"
  }



@article{wainwright2015course,
  title={Course on Mathematical Statistics, chapter 2: Basic tail and concentration bounds},
  author={Wainwright, Martin},
  journal={University of California at Berkeley, Department of Statistics},
  year={2015}
}


@misc{ wiki:Cantelli,
    author = "{Wikipedia contributors}",
    title = "Cantelli's inequality --- {Wikipedia}{,} The Free Encyclopedia",
    year = "2019",
    url = "https://en.wikipedia.org/w/index.php?title=Cantelli%27s_inequality&oldid=895336638",
    note = "[Online; accessed 1-March-2020]"
  }

@misc{ wiki:LDP,
    author = "{Wikipedia contributors}",
    title = "Large deviations theory --- {Wikipedia}{,} The Free Encyclopedia",
    year = "2020",
    url = "https://en.wikipedia.org/w/index.php?title=Large_deviations_theory&oldid=939356504",
    note = "[Online; accessed 1-March-2020]"
  }

@article{touchette2011basic,
  title={A basic introduction to large deviations: Theory, applications, simulations},
  author={Touchette, Hugo},
  journal={arXiv preprint arXiv:1106.4146},
  year={2011}
}


@article{chevalier2010first,
  title={First-passage quantities of Brownian motion in a bounded domain with multiple targets: a unified approach},
  author={Chevalier, C and B{\'e}nichou, O and Meyer, B and Voituriez, R},
  journal={Journal of Physics A: Mathematical and Theoretical},
  volume={44},
  number={2},
  pages={025002},
  year={2010},
  publisher={IOP Publishing}
}


@incollection{voituriez2014first,
  title={First-Passage Statistics for Random Walks in Bounded Domains},
  author={Voituriez, R and B{\'e}nichou, O},
  booktitle={First-passage phenomena and their applications},
  pages={145--174},
  year={2014},
  publisher={World Scientific}
}


@misc{benichou2009optimization,
  title={Optimization of the residence time of a Brownian particle in a spherical subdomain},
  author={B{\'e}nichou, O and Voituriez, R},
  year={2009},
  publisher={American Institute of Physics}
}


@misc{vose2014pros,
  title={The pros and cons of latin hypercube sampling},
  author={Vose, David},
  year={2014},
  publisher={Linked In posting}
}

@article{claici2018stochastic,
  title={Stochastic wasserstein barycenters},
  author={Claici, Sebastian and Chien, Edward and Solomon, Justin},
  journal={arXiv preprint arXiv:1802.05757},
  year={2018}
}

@article{condamin2005first,
  title={First-exit times and residence times for discrete random walks on finite lattices},
  author={Condamin, S and B{\'e}nichou, O and Moreau, M},
  journal={Physical Review E},
  volume={72},
  number={1},
  pages={016127},
  year={2005},
  publisher={APS}
}

@article{hughes1998random,
  title={Random walks and random environments},
  author={Hughes, Barry D},
  journal={Bulletin of the American Mathematical Society},
  volume={35},
  number={4},
  pages={347--349},
  year={1998}
}


@article{polya1921aufgabe,
  title={{\"U}ber eine Aufgabe der Wahrscheinlichkeitsrechnung betreffend die Irrfahrt im Stra{\ss}ennetz},
  author={P{\'o}lya, Georg},
  journal={Mathematische Annalen},
  volume={84},
  number={1-2},
  pages={149--160},
  year={1921},
  publisher={Springer}
}

@book{crank1979mathematics,
  title={The mathematics of diffusion},
  author={Crank, John},
  year={1979},
  publisher={Oxford university press}
}


@book{sabelfeld1991monte,
  title={Monte Carlo methods in boundary value problems},
  author={Sabelfeld, Karl K},
  year={1991},
  publisher={Springer}
}

@book{sabelfeld2013random,
  title={Random walks on boundary for solving PDEs},
  author={Sabelfeld, Karl K and Simonov, Nikolai A},
  year={2013},
  publisher={Walter de Gruyter}
}

@article{talebi2017study,
  title={Study on random walk and its application to solution of heat conduction equation by Monte Carlo method},
  author={Talebi, S and Gharehbash, K and Jalali, HR},
  journal={Progress in Nuclear Energy},
  volume={96},
  pages={18--35},
  year={2017},
  publisher={Elsevier}
}

@book{lawler2010random,
  title={Random walk and the heat equation},
  author={Lawler, Gregory F},
  volume={55},
  year={2010},
  publisher={American Mathematical Soc.}
}

@article{pearson1905problem,
  title={The problem of the random walk},
  author={Pearson, Karl},
  journal={Nature},
  volume={72},
  number={1867},
  pages={342--342},
  year={1905},
  publisher={Nature Publishing Group}
}

@article{rayleigh1905problem,
  title={The problem of the random walk},
  author={Rayleigh, Lord},
  journal={Nature},
  volume={72},
  number={1866},
  pages={318},
  year={1905}
}

@article{rayleigh1919xxxi,
  title={XXXI. On the problem of random vibrations, and of random flights in one, two, or three dimensions},
  author={Rayleigh, Lord},
  journal={The London, Edinburgh, and Dublin Philosophical Magazine and Journal of Science},
  volume={37},
  number={220},
  pages={321--347},
  year={1919},
  publisher={Taylor \& Francis}
}



@article{kaplan53mp,
  title={MP (1958) Non parametric estimations from complete observations},
  author={Kaplan, EL},
  journal={J Am Stat Assoc},
  volume={53},
  pages={163--179}
}

@article{Davidson-Pilon2019,
  doi = {10.21105/joss.01317},
  url = {https://doi.org/10.21105/joss.01317},
  year = {2019},
  publisher = {The Open Journal},
  volume = {4},
  number = {40},
  pages = {1317},
  author = {Cameron Davidson-Pilon},
  title = {lifelines: survival analysis in Python},
  journal = {Journal of Open Source Software}
}

@article{aalen1978nonparametric,
  title={Nonparametric inference for a family of counting processes},
  author={Aalen, Odd},
  journal={The Annals of Statistics},
  pages={701--726},
  year={1978},
  publisher={JSTOR}
}


@book{dekking2005modern,
  title={A Modern Introduction to Probability and Statistics: Understanding why and how},
  author={Dekking, Frederik Michel and Kraaikamp, Cornelis and Lopuha{\"a}, Hendrik Paul and Meester, Ludolf Erwin},
  year={2005},
  publisher={Springer Science \& Business Media}
}

@book{montgomery2014applied,
  title={Applied statistics and probability for engineers},
  author={Montgomery, Douglas C and Runger, George C},
  year={2014},
  publisher={John Wiley and Sons}
}

@book{wallis1974treatise,
  title={A Treatise of Algebra, Both Historical and Practical: Shewing the Original, Progress, and Advancement Thereof, from Time to Time: and by what Steps it Hath Attained to the Heighth at which it Now is... With Some Additional Treatises, I. Of the Cono-cuneus... II. Of Angular Sections; and Other Things Relating Thereunto, and to Trigonometry. III. Of the Angle of Contact... IV. Of Combinations, Alternations, and Aliquot Parts},
  author={Wallis, John and Playford, John and {\`a} Londres, Imprimeur and Davis, Richard and De Duillier, Nicolas Fatio and Playford, John and Davis, Richard},
  year={1974},
  publisher={John Playford}
}

@book{binder2012monte,
  title={Monte Carlo methods in statistical physics},
  author={Binder, Kurt and Ceperley, David M and Hansen, J-P and Kalos, MH and Landau, DP and Levesque, D and Mueller-Krumbhaar, H and Stauffer, D and Weis, J-J},
  volume={7},
  year={2012},
  publisher={Springer Science \& Business Media}
}


@article{gordon1992one,
  title={One cannot hear the shape of a drum},
  author={Gordon, Carolyn and Webb, David L and Wolpert, Scott},
  journal={Bulletin of the American Mathematical Society},
  volume={27},
  number={1},
  pages={134--138},
  year={1992}
}

@article{greiner1971asymptotic,
  title={An asymptotic expansion for the heat equation},
  author={Greiner, Peter},
  journal={Archive for Rational Mechanics and Analysis},
  volume={41},
  number={3},
  pages={163--218},
  year={1971},
  publisher={Springer}
}

@article{fleckinger1995heat,
  title={Heat equation on the triadic von Koch snowflake: asymptotic and numerical analysis},
  author={Fleckinger, Jacqueline and Levitin, Michael and Vassiliev, Dmitri},
  journal={Proceedings of the London Mathematical Society},
  volume={3},
  number={2},
  pages={372--396},
  year={1995},
  publisher={Narnia}
}

@article{van1990heat,
  title={Heat flow and Brownian motion for a region inR 2 with a polygonal boundary},
  author={Van Den Berg, M and Srisatkunarajah, S},
  journal={Probability theory and related fields},
  volume={86},
  number={1},
  pages={41--52},
  year={1990},
  publisher={Springer}
}

@article{duplantier1991can,
  title={Can one ‘‘hear’’the thermodynamics of a (rough) colloid?},
  author={Duplantier, Bertrand},
  journal={Physical review letters},
  volume={66},
  number={12},
  pages={1555},
  year={1991},
  publisher={APS}
}

@article{van1994heat,
  title={Heat content and Brownian motion for some regions with a fractal boundary},
  author={Van den Berg, M},
  journal={Probability theory and related fields},
  volume={100},
  number={4},
  pages={439--456},
  year={1994},
  publisher={Springer}
}

@article{metzler2014first,
  title={First-passage phenomena and their applications},
  author={Metzler, Ralf and Oshanin, Gleb and Redner, Sidney},
  year={2014},
  publisher={World Scientific}
}

@ARTICLE{2020SciPy-NMeth,
       author = {{Virtanen}, Pauli and {Gommers}, Ralf and {Oliphant},
         Travis E. and {Haberland}, Matt and {Reddy}, Tyler and
         {Cournapeau}, David and {Burovski}, Evgeni and {Peterson}, Pearu
         and {Weckesser}, Warren and {Bright}, Jonathan and {van der Walt},
         St{\'e}fan J.  and {Brett}, Matthew and {Wilson}, Joshua and
         {Jarrod Millman}, K.  and {Mayorov}, Nikolay and {Nelson}, Andrew
         R.~J. and {Jones}, Eric and {Kern}, Robert and {Larson}, Eric and
         {Carey}, CJ and {Polat}, {\.I}lhan and {Feng}, Yu and {Moore},
         Eric W. and {Vand erPlas}, Jake and {Laxalde}, Denis and
         {Perktold}, Josef and {Cimrman}, Robert and {Henriksen}, Ian and
         {Quintero}, E.~A. and {Harris}, Charles R and {Archibald}, Anne M.
         and {Ribeiro}, Ant{\^o}nio H. and {Pedregosa}, Fabian and
         {van Mulbregt}, Paul and {Contributors}, SciPy 1. 0},
        title = "{SciPy 1.0: Fundamental Algorithms for Scientific
                  Computing in Python}",
      journal = {Nature Methods},
      year = "2020",
      volume={17},
      pages={261--272},
      adsurl = {https://rdcu.be/b08Wh},
      doi = {https://doi.org/10.1038/s41592-019-0686-2},
}


@book{barenblatt1996scaling,
  title={Scaling, self-similarity, and intermediate asymptotics: dimensional analysis and intermediate asymptotics},
  author={Barenblatt, Grigory Isaakovich and Barenblatt, Grigorii Isaakovǐc and Isaakovich, Barenblatt Grigory},
  volume={14},
  year={1996},
  publisher={Cambridge University Press}
}

@article{kalinay2011survival,
  title={Survival probability (heat content) and the lowest eigenvalue of Dirichlet Laplacian},
  author={Kalinay, Pavol and {\v{S}}amaj, Ladislav and TRAV{\v{E}}NEC, IGOR},
  journal={International Journal of Modern Physics B},
  volume={25},
  number={15},
  pages={1993--2007},
  year={2011},
  publisher={World Scientific}
}

@article{birkhoff1954note,
  title={Note on the heat equation},
  author={Birkhoff, Garrett and Kotik, Jack},
  journal={Proceedings of the American Mathematical Society},
  volume={5},
  number={1},
  pages={162--167},
  year={1954},
  publisher={JSTOR}
}


@misc{NIST:DLMF,
         key = "{\relax DLMF}",
       title = "{\it NIST Digital Library of Mathematical Functions}",
howpublished = "http://dlmf.nist.gov/, Release 1.0.26 of 2020-03-15",
         url = "http://dlmf.nist.gov/",
        note = "F.~W.~J. Olver, A.~B. {Olde Daalhuis}, D.~W. Lozier, B.~I. Schneider,
                R.~F. Boisvert, C.~W. Clark, B.~R. Miller, B.~V. Saunders,
                H.~S. Cohl, and M.~A. McClain, eds."}


@book{pletcher2012computational,
  title={Computational fluid mechanics and heat transfer},
  author={Pletcher, Richard H and Tannehill, John C and Anderson, Dale},
  year={2012},
  publisher={CRC press}
}

@book{grossmann2007numerical,
  title={Numerical treatment of partial differential equations},
  author={Grossmann, Christian and Roos, Hans-G{\"o}rg and Stynes, Martin},
  volume={154},
  year={2007},
  publisher={Springer}
}

@book{hoffman2018numerical,
  title={Numerical methods for engineers and scientists},
  author={Hoffman, Joe D and Frankel, Steven},
  year={2018},
  publisher={CRC press}
}

@article{reddy1993introduction,
  title={An introduction to the finite element method},
  author={Reddy, Junuthula Narasimha},
  journal={New York},
  volume={27},
  year={1993}
}


@book{logan2011first,
  title={A first course in the finite element method},
  author={Logan, Daryl L},
  year={2011},
  publisher={Cengage Learning}
}

@article{hrennikoff1941solution,
  title={Solution of problems of elasticity by the framework method},
  author={Hrennikoff, Alexander},
  journal={J. appl. Mech.},
  year={1941}
}


@book{ang2007beginner,
  title={A beginner's course in boundary element methods},
  author={Ang, Whye-Teong},
  year={2007},
  publisher={Universal-Publishers}
}

@book{katsikadelis2002boundary,
  title={Boundary elements: theory and applications},
  author={Katsikadelis, John T},
  year={2002},
  publisher={Elsevier}
}


@article{eymard2000finite,
  title={Finite volume methods},
  author={Eymard, Robert and Gallou{\"e}t, Thierry and Herbin, Rapha{\`e}le},
  journal={Handbook of numerical analysis},
  volume={7},
  pages={713--1018},
  year={2000},
  publisher={Elsevier}
}

@book{ito2012diffusion,
  title={Diffusion processes and their sample paths},
  author={It{\^o}, Kiyosi and Henry Jr, P and others},
  year={2012},
  publisher={Springer Science \& Business Media}
}



@book{bharucha2012elements,
  title={Elements of the Theory of Markov Processes and their Applications},
  author={Bharucha-Reid, Albert T},
  year={2012},
  publisher={Courier Corporation}
}



@book{varadhan1980lectures,
  title={Lectures on diffusion problems and partial differential equations},
  author={Varadhan, SR Srinivasa and Muthuramalingam, Pl and Nanda, Tara R},
  year={1980},
  publisher={Springer Berlin/New York}
}

@article{kronberg1976solution,
  title={Solution of two boundary value problems by the Monte Carlo method},
  author={Kronberg, AA},
  journal={USSR Computational Mathematics and Mathematical Physics},
  volume={16},
  number={1},
  pages={153--161},
  year={1976},
  publisher={Elsevier}
}



@article{king1951monte,
  title={Monte-Carlo method for solving diffusion problems},
  author={King, Gilbert W},
  journal={Industrial \& Engineering Chemistry},
  volume={43},
  number={11},
  pages={2475--2478},
  year={1951},
  publisher={ACS Publications}
}

@book{kac1987enigmas,
  title={Enigmas of chance: An autobiography},
  author={Kac, Mark},
  year={1987},
  publisher={Univ of California Press}
}

@article{kroese2014monte,
  title={Why the Monte Carlo method is so important today},
  author={Kroese, Dirk P and Brereton, Tim and Taimre, Thomas and Botev, Zdravko I},
  journal={Wiley Interdisciplinary Reviews: Computational Statistics},
  volume={6},
  number={6},
  pages={386--392},
  year={2014},
  publisher={Wiley Online Library}
}


@misc{ wiki:MCMheat,
    author = "{Encyclopedia of Mathematics}",
    title = "Monte-Carlo methods for partial differential equations",
    year = "2020",
    url = "http://encyclopediaofmath.org/index.php?title=Monte-Carlo_methods_for_partial_differential_equations&oldid=47896"
  }


@article{brown1828microscopical,
  title={Microscopical observations},
  author={Brown, ROBERT},
  journal={Philos. Mag},
  volume={4},
  pages={161--173},
  year={1828}
}


@inproceedings{bachelier1900theorie,
  title={Th{\'e}orie de la sp{\'e}culation},
  author={Bachelier, Louis},
  booktitle={Annales scientifiques de l'{\'E}cole normale sup{\'e}rieure},
  volume={17},
  pages={21--86},
  year={1900}
}


@article{einstein1905electrodynamics,
  title={On the electrodynamics of moving bodies},
  author={Einstein, Albert and others},
  journal={Annalen der physik},
  volume={17},
  number={10},
  pages={891--921},
  year={1905},
  publisher={Methuen and Company, Ltd London}
}

@article{einstein1906theory,
  title={On the theory of the Brownian movement},
  author={Einstein, Albert},
  journal={Ann. Phys},
  volume={19},
  number={4},
  pages={371--381},
  year={1906}
}

@article{smoluchowski1916drei,
  title={Drei vortrage uber diffusion, brownsche bewegung und koagulation von kolloidteilchen},
  author={Smoluchowski, M von},
  journal={ZPhy},
  volume={17},
  pages={557--585},
  year={1916}
}

@article{stadje1987exact,
  title={The exact probability distribution of a two-dimensional random walk},
  author={Stadje, Wolfgang},
  journal={Journal of statistical physics},
  volume={46},
  number={1-2},
  pages={207--216},
  year={1987},
  publisher={Springer}
}



@article{masoliver1993some,
  title={Some two and three-dimensional persistent random walks},
  author={Masoliver, Jaume and Porra, Josep M and Weiss, George H},
  journal={Physica A: Statistical Mechanics and its Applications},
  volume={193},
  number={3-4},
  pages={469--482},
  year={1993},
  publisher={Elsevier}
}


@article{bewick2004statistics,
  title={Statistics review 12: survival analysis},
  author={Bewick, Viv and Cheek, Liz and Ball, Jonathan},
  journal={Critical care},
  volume={8},
  number={5},
  pages={389},
  year={2004},
  publisher={Springer}
}


@book{altman1990practical,
  title={Practical statistics for medical research},
  author={Altman, Douglas G},
  year={1990},
  publisher={CRC press}
}

@incollection{grebenkov2014efficient,
  title={Efficient Monte Carlo methods for simulating diffusion-reaction processes in complex systems},
  author={Grebenkov, Denis},
  booktitle={First-Passage Phenomena and Their Applications},
  pages={571--595},
  year={2014},
  publisher={World Scientific}
}

@article{de2012flying,
  title={Flying randomly in Rd with Dirichlet displacements},
  author={De Gregorio, Alessandro and Orsingher, Enzo},
  journal={Stochastic processes and their applications},
  volume={122},
  number={2},
  pages={676--713},
  year={2012},
  publisher={Elsevier}
}


@article{kac1947random,
  title={Random walk and the theory of Brownian motion},
  author={Kac, Mark},
  journal={The American Mathematical Monthly},
  volume={54},
  number={7P1},
  pages={369--391},
  year={1947},
  publisher={Taylor \& Francis}
}


@article{goel2010understanding,
  title={Understanding survival analysis: Kaplan-Meier estimate},
  author={Goel, Manish Kumar and Khanna, Pardeep and Kishore, Jugal},
  journal={International journal of Ayurveda research},
  volume={1},
  number={4},
  pages={274},
  year={2010},
  publisher={Wolters Kluwer--Medknow Publications}
}

@article{etikan2017kaplan,
  title={The Kaplan-Meier estimate in survival analysis},
  author={Etikan, {\.I} and Abubakar, S and Alkassim, R},
  journal={Biom Biostatistics Int J},
  volume={5},
  number={2},
  pages={00128},
  year={2017}
}

@article{kaplan1958nonparametric,
  title={Nonparametric estimation from incomplete observations},
  author={Kaplan, Edward L and Meier, Paul},
  journal={Journal of the American statistical association},
  volume={53},
  number={282},
  pages={457--481},
  year={1958},
  publisher={Taylor \& Francis}
}


@article{agarwal2012statistics,
  title={Statistics for Surgeons--Understanding Survival Analysis},
  author={Agarwal, Girdhar Gopal},
  journal={Indian journal of surgical oncology},
  volume={3},
  number={3},
  pages={208--214},
  year={2012},
  publisher={Springer}
}


@article{singh2011survival,
  title={Survival analysis in clinical trials: Basics and must know areas},
  author={Singh, Ritesh and Mukhopadhyay, Keshab},
  journal={Perspectives in clinical research},
  volume={2},
  number={4},
  pages={145},
  year={2011},
  publisher={Wolters Kluwer--Medknow Publications}
}

@article{case2002interpreting,
  title={Interpreting measures of treatment effect in cancer clinical trials},
  author={Case, L Douglas and Kimmick, Gretchen and Paskett, Electra D and Lohman, Kurt and Tucker, Robert},
  journal={The oncologist},
  volume={7},
  number={3},
  pages={181--187},
  year={2002},
  publisher={Citeseer}
}

@article{custodio2007diagnostics,
  title={Diagnostics for choosing between Log-rank and Wilcoxon tests},
  author={Custodio Martinez, Ruvie Lou Maria},
  year={2007}
}



@article{leton2001equivalence,
  title={Equivalence between score and weighted tests for survival curves},
  author={Leton, E and Zuluaga, P},
  journal={Communications in Statistics-Theory and Methods},
  volume={30},
  number={4},
  pages={591--608},
  year={2001},
  publisher={Taylor \& Francis}
}

@article{karadeniz2017examining,
  title={Examining tests for comparing survival curves with right censored data},
  author={Karadeniz, Pinar Gunel and Ercan, Ilker and others},
  journal={Stat Transit},
  volume={18},
  number={2},
  pages={311--28},
  year={2017}
}

@article{harrington1982class,
  title={A class of rank test procedures for censored survival data},
  author={Harrington, David P and Fleming, Thomas R},
  journal={Biometrika},
  volume={69},
  number={3},
  pages={553--566},
  year={1982},
  publisher={Oxford University Press}
}
%http://bactra.org/notebooks/recurrence-times.html



@book{watson1995treatise,
  title={A treatise on the theory of Bessel functions},
  author={Watson, George Neville},
  year={1995},
  publisher={Cambridge university press}
}

@book{van1992stochastic,
  title={Stochastic processes in physics and chemistry},
  author={Van Kampen, Nicolaas Godfried},
  volume={1},
  year={1992},
  publisher={Elsevier}
}

@book{brezinski2012numerical,
  title={Numerical analysis: Historical developments in the 20th century},
  author={Brezinski, Claude and Wuytack, Luc},
  year={2012},
  publisher={Elsevier}
}

@article{casella2002statistical,
  title={Statistical inference, Duxbury Press},
  author={Casella, George and Berger, Roger L},
  journal={Pacific Grove, CA.[Google Scholar]},
  year={2002}
}

@article{chebyshev1867valeurs,
  title={Des valeurs moyennes},
  author={Chebyshev, Pafnutii Lvovich},
  journal={J. Math. Pures Appl},
  volume={12},
  number={2},
  pages={177--184},
  year={1867}
}

@inproceedings{cantelli1929sui,
  title={Sui confini della probabilita},
  author={Cantelli, Francesco Paolo},
  booktitle={Atti del Congresso Internazionale dei Matematici: Bologna del 3 al 10 de settembre di 1928},
  pages={47--60},
  year={1929}
}


@article{vysochanskij1980justification,
  title={Justification of the 3$\sigma$ rule for unimodal distributions},
  author={Vysochanskij, DF and Petunin, Yu I},
  journal={Theory of Probability and Mathematical Statistics},
  volume={21},
  number={25-36},
  year={1980}
}


@article{dvoretzky1956asymptotic,
  title={Asymptotic minimax character of the sample distribution function and of the classical multinomial estimator},
  author={Dvoretzky, Aryeh and Kiefer, Jack and Wolfowitz, Jacob},
  journal={The Annals of Mathematical Statistics},
  pages={642--669},
  year={1956},
  publisher={JSTOR}
}

@article{davidson2019lifelines,
  title={lifelines: survival analysis in Python},
  author={Davidson-Pilon, Cameron},
  journal={Journal of Open Source Software},
  volume={4},
  number={40},
  pages={1317},
  year={2019}
}